@book{Hist:1,
    author        = {Biggs, Lloyd, Wilson},
    title         = {Graph Theory},
    year          = {1986},
    publisher     = {Clarendon Press},
    location      = {Reading, Massachusetts}
}

