% https://www.overleaf.com/learn/latex/How_to_Write_a_Thesis_in_LaTeX_(Part_4)%3A_Bibliographies_with_BibLaTeX
@book{TSP-Hist,
    author        = {Biggs, Lloyd, Wilson},
    title         = {Graph Theory},
    year          = {1986},
    publisher     = {Clarendon Press},
    location      = {Reading, Massachusetts}
}

